@book {ArnoldMechanics,
    AUTHOR = {V.I. Arnold},
     TITLE = {Mathematical Methods of Classical Mechanics},
 PUBLISHER = {Springer-Verlag},
   ADDRESS = {New York, NY, USA},
      YEAR = {1989}
}

@book {ArnoldPDE,
    AUTHOR = {V.I. Arnold},
     TITLE = {Lectures on Partial Differential Equations},
 PUBLISHER = {Springer-Verlag},
   ADDRESS = {New York, NY, USA},
      YEAR = {2004}
}

@book {ArnoldInvariants,
    AUTHOR = {V.I. Arnold},
     TITLE = {Topological Invariants of Plane Curves and Caustics},
 PUBLISHER = {AMS},
   ADDRESS = {Providence, RI, USA},
      YEAR = {1994}
}

@article {CKS,
    AUTHOR = {J. S. Carter, S. Kamada, M. Saito},
     TITLE = {Stable Equivalence of Knots on Surfaces and Virtual Knot Cobordisms},
   JOURNAL = {J. Knot Theory Ramifications},
  FJOURNAL = {Journal of Knot Theory Ramifications},
    VOLUME = {11},
      YEAR = {2002},
     PAGES = {311--322}
}

@article {ft,
    AUTHOR = {D. Fuchs, S. Tabachnikov},
     TITLE = {Invariants of Legendrian and Transverse Knots in the Standard Contact Space},
   JOURNAL = {Topology},
    VOLUME = {36},
    NUMBER = {5},
      YEAR = {1997},
     PAGES = {1025--1053},
}

@article {GPV,
    AUTHOR = {M. Goussarov, M. Polyak, O. Viro},
     TITLE = {Finite-type invariants of classical and virtual knots},
   JOURNAL = {Topology},
    VOLUME = {39},
      YEAR = {2000},
     PAGES = {1045--1068},
}

@article {Kuperberg,
    AUTHOR = {G. Kuperberg},
     TITLE = {What is a virtual link?},
   JOURNAL = {Algebraic and Geometric Topology},
    VOLUME = {3},
      YEAR = {2003},
     PAGES = {587--591},
}

@article {Chernov,
    AUTHOR = {V. Chernov (Tchernov)},
     TITLE = {Vassiliev Invariants of Legendrian, Transverse, and Framed Knots in Contact Three-Manifolds},
   JOURNAL = {Topology},
    VOLUME = {42},
    ISSUE = {1},
      YEAR = {2003},
     PAGES = {1--33}
}

@unpublished {ChernovDefn,
    AUTHOR = {V. Chernov},
     NOTE = {Private communication}
}

@inproceedings {Goryunov,
    AUTHOR = {V. Goryunov},
     TITLE = {Finite order invariants of framed knots in a solid torus and in Arnold's (J+)-theory of plane curves},
     BOOKTITLE = {Geometry and physics (Aarhus, 1995)},
     SERIES = {Lecture Notes in Pure and Applied Math},
     VOLUME = {184},
 PUBLISHER = {Dekker},
   ADDRESS = {New York, NY, USA},
      YEAR = {1997},
      PAGES = {549--556}
}



@article {Hill,
    AUTHOR = {J. Hill},
     TITLE = {Vassiliev-type invariants of planar fronts without dangerous self-tangencies},
   JOURNAL = {C. R. Acad. Sci. Paris},
  FJOURNAL = {Comptes Rendus de l'Acad√©mie des Sciences},
  	SERIES = {1},
    VOLUME = {324},
    NUMBER = {5},
      YEAR = {1997},
     PAGES = {537--542}
}

@article {Polyak,
    AUTHOR = {M. Polyak},
     TITLE = {Invariants of curves and fronts via Gauss diagrams},
   JOURNAL = {Topology},
    VOLUME = {37},
    NUMBER = {5},
      YEAR = {1998},
     PAGES = {989--1009}
}

@article {Kauffman,
    AUTHOR = {L. Kauffman},
     TITLE = {Virtual knot theory},
   JOURNAL = {European J. Combin.},
  FJOURNAL = {European Journal of Combinatorics},
    VOLUME = {20},
    NUMBER = {7},
      YEAR = {1999},
     PAGES = {663--690}
}

@article {Turaev,
    AUTHOR = {V. Turaev},
     TITLE = {Virtual strings},
   JOURNAL = {Ann. Inst. Fourier},
  FJOURNAL = {Annales De L'Institut Fourier},
    VOLUME = {54},
      YEAR = {2004},
    NUMBER = {7},
     PAGES = {2455--2525}
}

@article {LowCS,
    AUTHOR = {R. J. Low},
     TITLE = {Celestial Spheres, Light Cones and Cuts},
   JOURNAL = {J. Math. Phys.},
  FJOURNAL = {Journal of Mathematical Physics},
    VOLUME = {34},
      YEAR = {1993},
    NUMBER = {1},
     PAGES = {315--319}
}

@article {LowSS,
    AUTHOR = {R. J. Low},
     TITLE = {Stable singularities of wave-fronts in general relativity},
   JOURNAL = {J. Math. Phys.},
  FJOURNAL = {Journal of Mathematical Physics},
    VOLUME = {39},
      YEAR = {1998},
    NUMBER = {6},
     PAGES = {3332--3335}
}

@inproceedings {LowNull,
    AUTHOR = {R. J. Low},
    TITLE = {The space of null geodesics},
    BOOKTITLE = {Proceedings of the Third World Congress of Nonlinear Analysts (Catania, 2000)},
    VOLUME = {5},
	PUBLISHER = {Catania},
    YEAR = {2001},
    PAGES = {3005--3017}
}

@article {Kinlaw,
    AUTHOR = {P. Kinlaw},
     TITLE = {Refocusing of light rays in space-time},
   JOURNAL = {J. Math. Phys.},
  FJOURNAL = {Journal of Mathematical Physics},
    VOLUME = {52},
      YEAR = {2011},
    NUMBER = {5},
     PAGES = {52505--52516}
}